@article{Airapetian:2015xve,
      author         = "Airapetian, A. and others",
      title          = "{Bose-Einstein correlations in hadron-pairs from
                        lepto-production on nuclei ranging from hydrogen to
                        xenon}",
      collaboration  = "HERMES",
      year           = "2015",
      eprint         = "1505.03102",
      archivePrefix  = "arXiv",
      primaryClass   = "hep-ex",
      reportNumber   = "DESY-15-074",
      SLACcitation   = "%%CITATION = ARXIV:1505.03102;%%",
}
@article{Wang:2015iya,
      author         = "Wang, D. and Pan, K. and Subedi, R. and Ahmed, Z. and
                        Allada, K. and others",
      title          = "{Measurement of parity-violating asymmetry in
                        electron-deuteron inelastic scattering}",
      journal        = "Phys.Rev.",
      number         = "4",
      volume         = "C91",
      pages          = "045506",
      doi            = "10.1103/PhysRevC.91.045506",
      year           = "2015",
      SLACcitation   = "%%CITATION = PHRVA,C91,045506;%%",
}
@article{Zhao:2015wva,
      author         = "Zhao, Y.X. and others",
      title          = "{Double Spin Asymmetries of Inclusive Hadron
                        Electroproductions from a Transversely Polarized
                        $^3\rm{He}$ Target}",
      collaboration  = "Jefferson Lab Hall A",
      year           = "2015",
      eprint         = "1502.01394",
      archivePrefix  = "arXiv",
      primaryClass   = "nucl-ex",
      reportNumber   = "JLAB-PHY-15-2027",
      SLACcitation   = "%%CITATION = ARXIV:1502.01394;%%",
}
@article{Akopov:2014qyk,
      author         = "Akopov, N. and others",
      title          = "{Pentaquark $\Theta^+$ search at HERMES}",
      collaboration  = "HERMES",
      journal        = "Phys.Rev.",
      number         = "5",
      volume         = "D91",
      pages          = "057101",
      doi            = "10.1103/PhysRevD.91.057101",
      year           = "2015",
      eprint         = "1412.7317",
      archivePrefix  = "arXiv",
      primaryClass   = "hep-ex",
      reportNumber   = "DESY-14-245",
      SLACcitation   = "%%CITATION = ARXIV:1412.7317;%%",
}
@article{Benesch:2014bas,
      author         = "Benesch, J. and others",
      title          = "{The MOLLER Experiment: An Ultra-Precise Measurement of
                        the Weak Mixing Angle Using M{\o}ller Scattering}",
      collaboration  = "MOLLER",
      year           = "2014",
      eprint         = "1411.4088",
      archivePrefix  = "arXiv",
      primaryClass   = "nucl-ex",
      reportNumber   = "JLAB-PHY-14-1986",
      SLACcitation   = "%%CITATION = ARXIV:1411.4088;%%",
}
@article{Wang:2014guo,
      author         = "Wang, D. and Pan, K. and Subedi, R. and Ahmed, Z. and
                        Allada, K. and others",
      title          = "{Measurement of Parity-Violating Asymmetry in
                        Electron-Deuteron Inelastic Scattering}",
      year           = "2014",
      eprint         = "1411.3200",
      archivePrefix  = "arXiv",
      primaryClass   = "nucl-ex",
      SLACcitation   = "%%CITATION = ARXIV:1411.3200;%%",
}
@article{Allison:2014tpu,
      author         = "Allison, T. and others",
      title          = "{The Q$_{weak}$ experimental apparatus}",
      collaboration  = "Qweak",
      journal        = "Nucl.Instrum.Meth.",
      volume         = "A781",
      pages          = "105-133",
      doi            = "10.1016/j.nima.2015.01.023",
      year           = "2015",
      eprint         = "1409.7100",
      archivePrefix  = "arXiv",
      primaryClass   = "physics.ins-det",
      reportNumber   = "JLAB-PHY-14-1959",
      SLACcitation   = "%%CITATION = ARXIV:1409.7100;%%",
}

@article{Airapetian:2014gfp,
      author         = "Airapetian, A. and others",
      title          = "{Spin density matrix elements in exclusive $\omega$
                        electroproduction on $^1$H and $^2$H targets at 27.5 GeV
                        beam energy}",
      collaboration  = "HERMES Collaboration",
      journal        = "Eur.Phys.J.",
      number         = "11",
      volume         = "C74",
      pages          = "3110",
      doi            = "10.1140/epjc/s10052-014-3110-1",
      year           = "2014",
      eprint         = "1407.2119",
      archivePrefix  = "arXiv",
      primaryClass   = "hep-ex",
      reportNumber   = "DESY-14-116",
      SLACcitation   = "%%CITATION = ARXIV:1407.2119;%%",
}
@article{Airapetian:2014tyc,
      author         = "Airapetian, A. and others",
      title          = "{Transverse polarization of $\Lambda$ hyperons from
                        quasireal photoproduction on nuclei}",
      collaboration  = "HERMES Collaboration",
      journal        = "Phys.Rev.",
      number         = "7",
      volume         = "D90",
      pages          = "072007",
      doi            = "10.1103/PhysRevD.90.072007",
      year           = "2014",
      eprint         = "1406.3236",
      archivePrefix  = "arXiv",
      primaryClass   = "hep-ex",
      reportNumber   = "DESY-14-097",
      SLACcitation   = "%%CITATION = ARXIV:1406.3236;%%",
}

@article{Parno:2014xzb,
      author         = "Parno, D.S. and others",
      title          = "{Precision Measurements of $A_1^n$ in the Deep 
                        Inelastic Regime}",
      collaboration  = "Jefferson Lab Hall A",
      journal        = "Phys.Lett.",
      volume         = "B744",
      pages          = "309-314",
      doi            = "10.1016/j.physletb.2015.03.067",
      year           = "2015",
      eprint         = "1406.1207",
      archivePrefix  = "arXiv",
      primaryClass   = "nucl-ex",
      reportNumber   = "JLAB-PHY-14-1899",
      SLACcitation   = "%%CITATION = ARXIV:1406.1207;%%",
}

@article{Androic:2014zca,
      author         = "Androic, D. and Armstrong, D.S. and Asaturyan, A. and
                        Averett, T. and Balewski, J. and others",
      title          = "{Early results from the $Q_{weak}$ experiment}",
      journal        = "EPJ Web Conf.",
      volume         = "66",
      pages          = "05002",
      doi            = "10.1051/epjconf/20146605002",
      year           = "2014",
      reportNumber   = "JLAB-PHY-13-1711",
      SLACcitation   = "%%CITATION = 00776,66,05002;%%",
}
@article{Zhao:2014qvx,
      author         = "Zhao, Y.X. and others",
      title          = "{Single spin asymmetries in charged kaon production from
                        semi-inclusive deep inelastic scattering on a transversely
                        polarized $^3He$ target}",
      collaboration  = "Jefferson Lab Hall A Collaboration",
      journal        = "Phys.Rev.",
      number         = "5",
      volume         = "C90",
      pages          = "055201",
      doi            = "10.1103/PhysRevC.90.055201",
      year           = "2014",
      eprint         = "1404.7204",
      archivePrefix  = "arXiv",
      primaryClass   = "nucl-ex",
      reportNumber   = "JLAB-PHY-14-1894",
      SLACcitation   = "%%CITATION = ARXIV:1404.7204;%%",
}
@article{Posik:2014usi,
      author         = "Posik, M. and others",
      title          = "{A Precision Measurement of the Neutron Twist-3 Matrix
                        Element $d_2^n$: Probing Color Forces}",
      collaboration  = "Jefferson Lab Hall A Collaboration",
      journal        = "Phys.Rev.Lett.",
      number         = "2",
      volume         = "113",
      pages          = "022002",
      doi            = "10.1103/PhysRevLett.113.022002",
      year           = "2014",
      eprint         = "1404.4003",
      archivePrefix  = "arXiv",
      primaryClass   = "nucl-ex",
      reportNumber   = "JLAB-PHY-14-1876",
      SLACcitation   = "%%CITATION = ARXIV:1404.4003;%%",
}
@article{Wang:2014bba,
      author         = "Wang, D. and others",
      title          = "{Measurement of parity violation in electron–quark
                        scattering}",
      collaboration  = "PVDIS Collaboration",
      journal        = "Nature",
      number         = "7486",
      volume         = "506",
      pages          = "67-70",
      doi            = "10.1038/nature12964",
      year           = "2014",
      SLACcitation   = "%%CITATION = NATUA,506,67;%%",
}
@article{Korover:2014dma,
      author         = "Korover, I. and others",
      title          = "{Probing the Repulsive Core of the Nucleon-Nucleon
                        Interaction via the $^4He(e,e′pN)$ Triple-Coincidence
                        Reaction}",
      collaboration  = "Lab Hall A",
      journal        = "Phys.Rev.Lett.",
      number         = "2",
      volume         = "113",
      pages          = "022501",
      doi            = "10.1103/PhysRevLett.113.022501",
      year           = "2014",
      eprint         = "1401.6138",
      archivePrefix  = "arXiv",
      primaryClass   = "nucl-ex",
      reportNumber   = "JLAB-PHY-14-1862",
      SLACcitation   = "%%CITATION = ARXIV:1401.6138;%%",
}
@article{Airapetian:2013zaw,
      author         = "Airapetian, A. and others",
      title          = "{Reevaluation of the parton distribution of strange
                        quarks in the nucleon}",
      collaboration  = "HERMES Collaboration",
      journal        = "Phys.Rev.",
      number         = "9",
      volume         = "D89",
      pages          = "097101",
      doi            = "10.1103/PhysRevD.89.097101",
      year           = "2014",
      eprint         = "1312.7028",
      archivePrefix  = "arXiv",
      primaryClass   = "hep-ex",
      reportNumber   = "DESY-13-246",
      SLACcitation   = "%%CITATION = ARXIV:1312.7028;%%",
}
@article{Zhang:2013dow,
      author         = "Zhang, Y. and others",
      title          = "{Measurement of pretzelosity asymmetry of charged pion
                        production in Semi-Inclusive Deep Inelastic Scattering on
                        a polarized $^3$He target}",
      collaboration  = "Jefferson Lab Hall A Collaboration",
      journal        = "Phys.Rev.",
      number         = "5",
      volume         = "C90",
      pages          = "055209",
      doi            = "10.1103/PhysRevC.90.055209",
      year           = "2014",
      eprint         = "1312.3047",
      archivePrefix  = "arXiv",
      primaryClass   = "nucl-ex",
      reportNumber   = "JLAB-PHY-13-1832",
      SLACcitation   = "%%CITATION = ARXIV:1312.3047;%%",
}
@article{Androic:2013phu,
      author         = "Androic, D. and others",
      title          = "{Early Results from the Qweak Experiment}",
      collaboration  = "Qweak Collaboration",
      year           = "2013",
      eprint         = "1311.6437",
      archivePrefix  = "arXiv",
      primaryClass   = "nucl-ex",
      reportNumber   = "JLAB-PHY-13-1711",
      SLACcitation   = "%%CITATION = ARXIV:1311.6437;%%",
}
@article{Allada:2013nsw,
      author         = "Allada, K. and others",
      title          = "{Single spin asymmetries of inclusive hadrons produced in
                        electron scattering from a transversely polarized $^3$He
                        target}",
      collaboration  = "Jefferson Lab Hall A Collaboration",
      journal        = "Phys.Rev.",
      number         = "4",
      volume         = "C89",
      pages          = "042201",
      doi            = "10.1103/PhysRevC.89.042201",
      year           = "2014",
      eprint         = "1311.1866",
      archivePrefix  = "arXiv",
      primaryClass   = "nucl-ex",
      reportNumber   = "JLAB-PHY-13-1826",
      SLACcitation   = "%%CITATION = ARXIV:1311.1866;%%",
}
@article{Katich:2013atq,
      author         = "Katich, J. and Qian, X. and Zhao, Y.X. and Allada, K. and
                        Aniol, K. and others",
      title          = "{Measurement of the Target-Normal Single-Spin Asymmetry
                        in Deep-Inelastic Scattering from the Reaction
                        $^{3}\mathrm{He}^{\uparrow}(e,e')X$}",
      journal        = "Phys.Rev.Lett.",
      number         = "2",
      volume         = "113",
      pages          = "022502",
      doi            = "10.1103/PhysRevLett.113.022502",
      year           = "2014",
      eprint         = "1311.0197",
      archivePrefix  = "arXiv",
      primaryClass   = "nucl-ex",
      reportNumber   = "JLAB-PHY-13-1802",
      SLACcitation   = "%%CITATION = ARXIV:1311.0197;%%",
}
@article{Airapetian:2013gta,
      author         = "Airapetian, A. and others",
      title          = "{Beam-helicity asymmetry in associated electroproduction
                        of real photons $ep \to e\gamma\pi N$ in the
                        $\Delta$-resonance region}",
      collaboration  = "HERMES",
      journal        = "JHEP",
      volume         = "1401",
      pages          = "077",
      doi            = "10.1007/JHEP01(2014)077",
      year           = "2014",
      eprint         = "1310.5081",
      archivePrefix  = "arXiv",
      primaryClass   = "hep-ex",
      reportNumber   = "DESY-13-188",
      SLACcitation   = "%%CITATION = ARXIV:1310.5081;%%",
}
@article{Airapetian:2013bim,
      author         = "Airapetian, A. and others",
      title          = "{Transverse target single-spin asymmetry in inclusive
                        electroproduction of charged pions and kaons}",
      collaboration  = "HERMES Collaboration",
      journal        = "Phys.Lett.",
      volume         = "B728",
      pages          = "183-190",
      doi            = "10.1016/j.physletb.2013.11.021",
      year           = "2014",
      eprint         = "1310.5070",
      archivePrefix  = "arXiv",
      primaryClass   = "hep-ex",
      reportNumber   = "DESY-13-187",
      SLACcitation   = "%%CITATION = ARXIV:1310.5070;%%",
}
@article{Androic:2013rhu,
      author         = "Androic, D. and others",
      title          = "{First Determination of the Weak Charge of the Proton}",
      collaboration  = "Qweak Collaboration",
      journal        = "Phys.Rev.Lett.",
      number         = "14",
      volume         = "111",
      pages          = "141803",
      doi            = "10.1103/PhysRevLett.111.141803",
      year           = "2013",
      eprint         = "1307.5275",
      archivePrefix  = "arXiv",
      primaryClass   = "nucl-ex",
      reportNumber   = "JLAB-PHY-13-1756",
      SLACcitation   = "%%CITATION = ARXIV:1307.5275;%%",
}
@article{Androic:2013sna,
      author         = "Androic, D. and Armstrong, D.S. and Asaturyan, A. and
                        Averett, T. and Balewski, J. and others",
      title          = "{The $Q_{Weak}^{p}$ experiment}",
      journal        = "Hyperfine Interact.",
      number         = "1-3",
      volume         = "214",
      pages          = "21-30",
      doi            = "10.1007/s10751-013-0782-0",
      year           = "2013",
      SLACcitation   = "%%CITATION = HYIND,214,21;%%",
}
@article{Wang:2013kkc,
      author         = "Wang, D. and others",
      title          = "{Measurements of Parity-Violating Asymmetries in
                        Electron-Deuteron Scattering in the Nucleon Resonance
                        Region}",
      collaboration  = "Jefferson Lab Hall A Collaboration",
      journal        = "Phys.Rev.Lett.",
      number         = "8",
      volume         = "111",
      pages          = "082501",
      doi            = "10.1103/PhysRevLett.111.082501",
      year           = "2013",
      eprint         = "1304.7741",
      archivePrefix  = "arXiv",
      primaryClass   = "nucl-ex",
      reportNumber   = "JLAB-PHY-13-1726",
      SLACcitation   = "%%CITATION = ARXIV:1304.7741;%%",
}
@article{Airapetian:2012ki,
      author         = "Airapetian, A. and others",
      title          = "{Multiplicities of charged pions and kaons from
                        semi-inclusive deep-inelastic scattering by the proton and
                        the deuteron}",
      collaboration  = "HERMES Collaboration",
      journal        = "Phys.Rev.",
      volume         = "D87",
      pages          = "074029",
      doi            = "10.1103/PhysRevD.87.074029",
      year           = "2013",
      eprint         = "1212.5407",
      archivePrefix  = "arXiv",
      primaryClass   = "hep-ex",
      reportNumber   = "DESY-12-157",
      SLACcitation   = "%%CITATION = ARXIV:1212.5407;%%",
}
@article{Abeyratne:2012ah,
      author         = "Abeyratne, S. and Accardi, A. and Ahmed, S. and Barber,
                        D. and Bisognano, J. and others",
      title          = "{Science Requirements and Conceptual Design for a
                        Polarized Medium Energy Electron-Ion Collider at Jefferson
                        Lab}",
      year           = "2012",
      eprint         = "1209.0757",
      archivePrefix  = "arXiv",
      primaryClass   = "physics.acc-ph",
      reportNumber   = "JLAB-ACC-12-1619",
      SLACcitation   = "%%CITATION = ARXIV:1209.0757;%%",
}
@article{Abrahamyan:2012cg,
      author         = "Abrahamyan, S. and others",
      title          = "{New Measurements of the Transverse Beam Asymmetry for
                        Elastic Electron Scattering from Selected Nuclei}",
      collaboration  = "HAPPEX Collaborations, PREX Collaborations",
      journal        = "Phys.Rev.Lett.",
      volume         = "109",
      pages          = "192501",
      doi            = "10.1103/PhysRevLett.109.192501",
      year           = "2012",
      eprint         = "1208.6164",
      archivePrefix  = "arXiv",
      primaryClass   = "nucl-ex",
      reportNumber   = "JLAB-PHY-12-1622",
      SLACcitation   = "%%CITATION = ARXIV:1208.6164;%%",
}

@article{Airapetian:2012pg,
        archiveprefix = "arXiv",
        author = "A. Airapetian and others",
        collaboration = "HERMES Collaboration",
        doi = "10.1007/JHEP10(2012)042",
        eprint = "1206.5683",
        journal = "JHEP",
        pages = "042",
        primaryclass = "hep-ex",
        reportnumber = "DESY-12-095",
        slaccitation = "%\%CITATION = ARXIV:1206.5683;\%\%",
        title = "{Beam-Helicity Asymmetry Arising from Deeply Virtual {Compton} Scattering Measured with Kinematically Complete Event Reconstruction}",
        volume = "1210",
        year = "2012"
}

@article{Airapetian:2012yg,
        archiveprefix = "arXiv",
        author = "A. Airapetian and others",
        collaboration = "HERMES Collaboration",
        doi = "10.1103/PhysRevD.87.012010",
        eprint = "1204.4161",
        journal = "Phys.Rev.",
        pages = "012010",
        primaryclass = "hep-ex",
        reportnumber = "DESY-12-060",
        slaccitation = "%\%CITATION = ARXIV:1204.4161;\%\%",
        title = "{Azimuthal Distributions of Charged Hadrons, Pions, and Kaons Produced in Deep-Inelastic Scattering off Unpolarized Protons and Deuterons}",
        volume = "D87",
        year = "2013"
}

@article{Airapetian:2012mq,
        archiveprefix = "arXiv",
        author = "A. Airapetian and others",
        collaboration = "HERMES Collaboration",
        doi = "10.1007/JHEP07(2012)032",
        eprint = "1203.6287",
        journal = "JHEP",
        pages = "032",
        primaryclass = "hep-ex",
        reportnumber = "DESY-12-040",
        slaccitation = "%\%CITATION = ARXIV:1203.6287;\%\%",
        title = "{Beam-Helicity and Beam-Charge Asymmetries Associated with Deeply Virtual {Compton} Scattering on the Unpolarised Proton}",
        volume = "1207",
        year = "2012"
}

@article{Abrahamyan:2012gp,
        archiveprefix = "arXiv",
        author = "S. Abrahamyan and Z. Ahmed and H. Albataineh and K. Aniol and D.S. Armstrong and others",
        doi = "10.1103/PhysRevLett.108.112502",
        eprint = "1201.2568",
        journal = "Phys.Rev.Lett.",
        pages = "112502",
        primaryclass = "nucl-ex",
        reportnumber = "JLAB-PHY-12-1480",
        slaccitation = "%\%CITATION = ARXIV:1201.2568;\%\%",
        title = "{Measurement of the Neutron Radius of $^{208}$Pb Through Parity-Violation in Electron Scattering}",
        volume = "108",
        year = "2012"
}

@article{Airapetian:2011wu,
        archiveprefix = "arXiv",
        author = "A. Airapetian and others",
        collaboration = "The HERMES Collaboration",
        doi = "10.1140/epjc/s10052-012-1921-5",
        eprint = "1112.5584",
        journal = "Eur.Phys.J.",
        pages = "1921",
        primaryclass = "hep-ex",
        reportnumber = "DESY-11-249",
        slaccitation = "%\%CITATION = ARXIV:1112.5584;\%\%",
        title = "{Measurement of the Virtual-Photon Asymmetry $A_2$ and the Spin-Structure Function $g_2$ of the Proton}",
        volume = "C72",
        year = "2012"
}

@article{Huang:2011bc,
        archiveprefix = "arXiv",
        author = "J. Huang and others",
        collaboration = "Jefferson Lab Hall A Collaboration",
        doi = "10.1103/PhysRevLett.108.052001",
        eprint = "1108.0489",
        journal = "Phys.Rev.Lett.",
        pages = "052001",
        primaryclass = "nucl-ex",
        reportnumber = "JLAB-PHY-11-1359",
        slaccitation = "%\%CITATION = ARXIV:1108.0489;\%\%",
        title = "{Beam-Target Double Spin Asymmetry $A_{LT}$ in Charged Pion Production from Deep Inelastic Scattering on a Transversely Polarized $^3\mathrm{He}$ Target at $1.4 < Q^2 < 2.7$ {GeV}$^2$}",
        volume = "108",
        year = "2012"
}

@article{Airapetian:2011jp,
        archiveprefix = "arXiv",
        author = "A. Airapetian and others",
        collaboration = "HERMES Collaboration",
        doi = "10.1140/epja/i2011-11113-5",
        eprint = "1107.3496",
        journal = "Eur.Phys.J.",
        pages = "113",
        primaryclass = "hep-ex",
        reportnumber = "DESY-11-120",
        slaccitation = "%\%CITATION = ARXIV:1107.3496;\%\%",
        title = "{Multidimensional Study of Hadronization in Nuclei}",
        volume = "A47",
        year = "2011"
}

@article{Ahmed:2011vp,
        archiveprefix = "arXiv",
        author = "Z. Ahmed and others",
        collaboration = "HAPPEX collaboration",
        doi = "10.1103/PhysRevLett.108.102001",
        eprint = "1107.0913",
        journal = "Phys.Rev.Lett.",
        pages = "102001",
        primaryclass = "nucl-ex",
        reportnumber = "JLAB-PHY-11-1479",
        slaccitation = "%\%CITATION = ARXIV:1107.0913;\%\%",
        title = "{New Precision Limit on the Strange Vector Form Factors of the Proton}",
        volume = "108",
        year = "2012"
}

@article{Airapetian:2011uq,
        archiveprefix = "arXiv",
        author = "A. Airapetian and others",
        collaboration = "HERMES Collaboration",
        doi = "10.1016/j.physletb.2011.08.067",
        eprint = "1106.2990",
        journal = "Phys.Lett.",
        pages = "15--23",
        primaryclass = "hep-ex",
        reportnumber = "DESY-11-100",
        slaccitation = "%\%CITATION = ARXIV:1106.2990;\%\%",
        title = "{Measurement of Double-Spin Asymmetries Associated with Deeply Virtual {Compton} Scattering on a Transversely Polarized Hydrogen Target}",
        volume = "B704",
        year = "2011"
}

@article{Qian:2011py,
        archiveprefix = "arXiv",
        author = "X. Qian and others",
        collaboration = "Jefferson Lab Hall A Collaboration",
        doi = "10.1103/PhysRevLett.107.072003",
        eprint = "1106.0363",
        journal = "Phys.Rev.Lett.",
        pages = "072003",
        primaryclass = "nucl-ex",
        reportnumber = "JLAB-PHY-11-1332",
        slaccitation = "%\%CITATION = ARXIV:1106.0363;\%\%",
        title = "{Single Spin Asymmetries in Charged Pion Production from Semi-Inclusive Deep Inelastic Scattering on a Transversely Polarized $^3\mathrm{He}$ Target}",
        volume = "107",
        year = "2011"
}

@article{Airapetian:2011nu,
        archiveprefix = "arXiv",
        author = "A. Airapetian and others",
        collaboration = "HERMES Collaboration",
        doi = "10.1007/JHEP05(2011)126",
        eprint = "1103.5704",
        journal = "JHEP",
        pages = "126",
        primaryclass = "hep-ex",
        reportnumber = "DESY-11-048",
        slaccitation = "%\%CITATION = ARXIV:1103.5704;\%\%",
        title = "{Inclusive Measurements of Inelastic Electron and Positron Scattering from Unpolarized Hydrogen and Deuterium Targets}",
        volume = "1105",
        year = "2011"
}

@article{Airapetian:2010dh,
        archiveprefix = "arXiv",
        author = "A. Airapetian and others",
        collaboration = "HERMES Collaboration",
        doi = "10.1140/epjc/s10052-011-1609-2",
        eprint = "1012.3676",
        journal = "Eur.Phys.J.",
        pages = "1609",
        primaryclass = "hep-ex",
        reportnumber = "DESY-10-229",
        slaccitation = "%\%CITATION = ARXIV:1012.3676;\%\%",
        title = "{Ratios of Helicity Amplitudes for Exclusive $\rho^0$ Electroproduction}",
        volume = "C71",
        year = "2011"
}

@article{Airapetian:2010aa,
        archiveprefix = "arXiv",
        author = "A. Airapetian and others",
        collaboration = "HERMES Collaboration",
        doi = "10.1016/j.nuclphysb.2010.09.010",
        eprint = "1008.3996",
        journal = "Nucl.Phys.",
        pages = "265--298",
        primaryclass = "hep-ex",
        reportnumber = "DESY-10-136",
        slaccitation = "%\%CITATION = ARXIV:1008.3996;\%\%",
        title = "{Measurement of Azimuthal Asymmetries Associated with Deeply Virtual {Compton} Scattering on a Longitudinally Polarized Deuterium Target}",
        volume = "B842",
        year = "2011"
}

@article{Airapetian:2010ds,
        archiveprefix = "arXiv",
        author = "A. Airapetian and others",
        collaboration = "HERMES Collaboration",
        doi = "10.1016/j.physletb.2010.08.012",
        eprint = "1006.4221",
        journal = "Phys.Lett.",
        pages = "11--16",
        primaryclass = "hep-ex",
        reportnumber = "DESY-10-087",
        slaccitation = "%\%CITATION = ARXIV:1006.4221;\%\%",
        title = "{Effects of transversity in deep-inelastic scattering by polarized protons}",
        volume = "B693",
        year = "2010"
}

@article{Airapetian:2010ab,
        archiveprefix = "arXiv",
        author = "A. Airapetian and others",
        collaboration = "HERMES Collaboration",
        doi = "10.1007/JHEP06(2010)019",
        eprint = "1004.0177",
        journal = "JHEP",
        pages = "019",
        primaryclass = "hep-ex",
        reportnumber = "DESY-10-046",
        slaccitation = "%\%CITATION = ARXIV:1004.0177;\%\%",
        title = "{Exclusive Leptoproduction of Real Photons on a Longitudinally Polarised Hydrogen Target}",
        volume = "1006",
        year = "2010"
}

@article{Airapetian:2010ac,
        archiveprefix = "arXiv",
        author = "A. Airapetian and others",
        collaboration = "HERMES Collaboration",
        doi = "10.1007/JHEP08(2010)130",
        eprint = "1002.3921",
        journal = "JHEP",
        pages = "130",
        primaryclass = "hep-ex",
        reportnumber = "DESY-10-021",
        slaccitation = "%\%CITATION = ARXIV:1002.3921;\%\%",
        title = "{Leading-Order Determination of the Gluon Polarization from high-$p(T)$ Hadron Electroproduction}",
        volume = "1008",
        year = "2010"
}

@article{Airapetian:2009bm,
        archiveprefix = "arXiv",
        author = "A. Airapetian and others",
        collaboration = "HERMES Collaboration",
        doi = "10.1016/j.nuclphysb.2009.12.004",
        eprint = "0911.0095",
        journal = "Nucl.Phys.",
        pages = "1--27",
        primaryclass = "hep-ex",
        reportnumber = "DESY-09-189",
        slaccitation = "%\%CITATION = ARXIV:0911.0095;\%\%",
        title = "{Measurement of Azimuthal Asymmetries Associated with Deeply Virtual {Compton} Scattering on an Unpolarized Deuterium Target}",
        volume = "B829",
        year = "2010"
}

@article{Airapetian:2009bi,
        archiveprefix = "arXiv",
        author = "A. Airapetian and others",
        collaboration = "HERMES Collaboration",
        doi = "10.1103/PhysRevC.81.035202",
        eprint = "0911.0091",
        journal = "Phys.Rev.",
        pages = "035202",
        primaryclass = "hep-ex",
        reportnumber = "DESY-09-190",
        slaccitation = "%\%CITATION = ARXIV:0911.0091;\%\%",
        title = "{Nuclear-Mass Dependence of Azimuthal Beam-Helicity and Beam-Charge Asymmetries in Deeply Virtual {Compton} Scattering}",
        volume = "C81",
        year = "2010"
}

@article{Airapetian:2009aa,
        archiveprefix = "arXiv",
        author = "A. Airapetian and others",
        collaboration = "HERMES collaboration",
        doi = "10.1088/1126-6708/2009/11/083",
        eprint = "0909.3587",
        journal = "JHEP",
        pages = "083",
        primaryclass = "hep-ex",
        reportnumber = "DESY-09-143",
        slaccitation = "%\%CITATION = ARXIV:0909.3587;\%\%",
        title = "{Separation of Contributions from Deeply Virtual {Compton} Scattering and its Interference with the {Bethe}-{Heitler} Process in Measurements on a Hydrogen Target}",
        volume = "0911",
        year = "2009"
}

@article{Airapetian:2009ab,
        archiveprefix = "arXiv",
        author = "A. Airapetian and others",
        collaboration = "HERMES Collaboration",
        doi = "10.1016/j.physletb.2009.11.041",
        eprint = "0907.5369",
        journal = "Phys.Lett.",
        pages = "351--354",
        primaryclass = "hep-ex",
        reportnumber = "DESY-09-117",
        slaccitation = "%\%CITATION = ARXIV:0907.5369;\%\%",
        title = "{Search for a Two-Photon Exchange Contribution to Inclusive Deep-Inelastic Scattering}",
        volume = "B682",
        year = "2010"
}

@article{Airapetian:2009ac,
        archiveprefix = "arXiv",
        author = "A. Airapetian and others",
        collaboration = "HERMES Collaboration",
        doi = "10.1016/j.physletb.2009.11.039",
        eprint = "0907.2596",
        journal = "Phys.Lett.",
        pages = "345--350",
        primaryclass = "hep-ex",
        reportnumber = "DESY-09-106",
        slaccitation = "%\%CITATION = ARXIV:0907.2596;\%\%",
        title = "{Single-Spin Azimuthal Asymmetry in Exclusive Electroproduction of $\pi^+$ Mesons on Transversely Polarized Protons}",
        volume = "B682",
        year = "2010"
}

@article{Airapetian:2009ad,
        archiveprefix = "arXiv",
        author = "A. Airapetian and others",
        collaboration = "HERMES Collaboration",
        doi = "10.1016/j.physletb.2009.07.023",
        eprint = "0906.5160",
        journal = "Phys.Lett.",
        pages = "100--105",
        primaryclass = "hep-ex",
        reportnumber = "DESY-09-094",
        slaccitation = "%\%CITATION = ARXIV:0906.5160;\%\%",
        title = "{Exclusive $\rho^0$ Electroproduction on Transversely Polarized Protons}",
        volume = "B679",
        year = "2009"
}

@article{Airapetian:2009ae,
        archiveprefix = "arXiv",
        author = "A. Airapetian and others",
        collaboration = "HERMES Collaboration",
        doi = "10.1103/PhysRevLett.103.152002",
        eprint = "0906.3918",
        journal = "Phys.Rev.Lett.",
        pages = "152002",
        primaryclass = "hep-ex",
        reportnumber = "DESY-09-089",
        slaccitation = "%\%CITATION = ARXIV:0906.3918;\%\%",
        title = "{Observation of the Naive-{T}-Odd {Sivers} Effect in Deep-Inelastic Scattering}",
        volume = "103",
        year = "2009"
}

@article{Airapetian:2009jy,
        archiveprefix = "arXiv",
        author = "A. Airapetian and others",
        collaboration = "HERMES Collaboration",
        doi = "10.1016/j.physletb.2010.01.020",
        eprint = "0906.2478",
        journal = "Phys.Lett.",
        pages = "114--118",
        primaryclass = "hep-ex",
        reportnumber = "DESY-09-082",
        slaccitation = "%\%CITATION = ARXIV:0906.2478;\%\%",
        title = "{Transverse Momentum Broadening of Hadrons Produced in Semi-Inclusive Deep-Inelastic Scattering on Nuclei}",
        volume = "B684",
        year = "2010"
}

@article{Airapetian:2009af,
        archiveprefix = "arXiv",
        author = "A. Airapetian and others",
        collaboration = "HERMES Collaboration",
        doi = "10.1140/epjc/s10052-009-1082-3",
        eprint = "0901.0701",
        journal = "Eur.Phys.J.",
        pages = "659--695",
        primaryclass = "hep-ex",
        reportnumber = "DESY-08-203",
        slaccitation = "%\%CITATION = ARXIV:0901.0701;\%\%",
        title = "{Spin Density Matrix Elements in Exclusive $\rho^0$ Electroproduction on $^1\mathrm{H}$ and $^2\mathrm{H}$ Targets at 27.5\,{GeV} Beam Energy}",
        volume = "C62",
        year = "2009"
}

@article{Airapetian:2008qf,
        archiveprefix = "arXiv",
        author = "A. Airapetian and others",
        collaboration = "HERMES Collaboration",
        doi = "10.1016/j.physletb.2008.07.090",
        eprint = "0803.2993",
        journal = "Phys.Lett.",
        pages = "446--450",
        primaryclass = "hep-ex",
        reportnumber = "DESY-07-223",
        slaccitation = "%\%CITATION = ARXIV:0803.2993;\%\%",
        title = "{Measurement of Parton Distributions of Strange Quarks in the Nucleon from Charged-Kaon Production in Deep-Inelastic Scattering on the Deuteron}",
        volume = "B666",
        year = "2008"
}

@article{Airapetian:2008sk,
        archiveprefix = "arXiv",
        author = "A. Airapetian and others",
        collaboration = "HERMES Collaboration",
        doi = "10.1088/1126-6708/2008/06/017",
        eprint = "0803.2367",
        journal = "JHEP",
        pages = "017",
        primaryclass = "hep-ex",
        reportnumber = "DESY-08-031",
        slaccitation = "%\%CITATION = ARXIV:0803.2367;\%\%",
        title = "{Evidence for a Transverse Single-Spin Asymmetry in Leptoproduction of $\pi^+\pi^-$ Pairs}",
        volume = "0806",
        year = "2008"
}

@article{Airapetian:2008aa,
        archiveprefix = "arXiv",
        author = "A. Airapetian and others",
        collaboration = "HERMES Collaboration",
        doi = "10.1088/1126-6708/2008/06/066",
        eprint = "0802.2499",
        journal = "JHEP",
        pages = "066",
        primaryclass = "hep-ex",
        reportnumber = "DESY-07-225",
        slaccitation = "%\%CITATION = ARXIV:0802.2499;\%\%",
        title = "{Measurement of Azimuthal Asymmetries With Respect To Both Beam Charge and Transverse Target Polarization in Exclusive Electroproduction of Real Photons}",
        volume = "0806",
        year = "2008"
}

@article{Deconinck:2007zz,
        author = "W. Deconinck",
        doi = "10.1140/epja/i2006-10219-1",
        journal = "Eur.Phys.J.",
        pages = "653--655",
        slaccitation = "%\%CITATION = EPHJA,A31,653;\%\%",
        title = "{Search for Exotic Baryons at {HERMES}}",
        volume = "A31",
        year = "2007"
}

@article{Airapetian:2007aa,
        archiveprefix = "arXiv",
        author = "A. Airapetian and others",
        collaboration = "HERMES Collaboration",
        doi = "10.1016/j.physletb.2007.11.079",
        eprint = "0707.0222",
        journal = "Phys.Lett.",
        pages = "486--492",
        primaryclass = "hep-ex",
        reportnumber = "DESY-07-098",
        slaccitation = "%\%CITATION = ARXIV:0707.0222;\%\%",
        title = "{Cross-Sections for Hard Exclusive Electroproduction of $\pi^+$ Mesons on a Hydrogen Target}",
        volume = "B659",
        year = "2008"
}

@article{Airapetian:2007vu,
        archiveprefix = "arXiv",
        author = "A. Airapetian and others",
        collaboration = "HERMES Collaboration",
        doi = "10.1016/j.nuclphysb.2007.06.004",
        eprint = "0704.3270",
        journal = "Nucl.Phys.",
        pages = "1--27",
        primaryclass = "hep-ex",
        reportnumber = "DESY-07-050",
        slaccitation = "%\%CITATION = ARXIV:0704.3270;\%\%",
        title = "{Hadronization in Semi-Inclusive Deep-Inelastic Scattering on Nuclei}",
        volume = "B780",
        year = "2007"
}

@article{Airapetian:2006rx,
        archiveprefix = "arXiv",
        author = "A. Airapetian and others",
        collaboration = "HERMES Collaboration",
        doi = "10.1016/j.physletb.2007.03.015",
        eprint = "hep-ex/0612059",
        journal = "Phys.Lett.",
        pages = "164--170",
        primaryclass = "hep-ex",
        reportnumber = "DESY-06-227",
        slaccitation = "%\%CITATION = HEP-EX/0612059;\%\%",
        title = "{Beam-Spin Asymmetries in the Azimuthal Distribution of Pion Electroproduction}",
        volume = "B648",
        year = "2007"
}

@article{Airapetian:2007mh,
        archiveprefix = "arXiv",
        author = "A. Airapetian and others",
        collaboration = "HERMES Collaboration",
        doi = "10.1103/PhysRevD.75.012007",
        eprint = "hep-ex/0609039",
        journal = "Phys.Rev.",
        pages = "012007",
        primaryclass = "hep-ex",
        reportnumber = "DESY-06-142",
        slaccitation = "%\%CITATION = HEP-EX/0609039;\%\%",
        title = "{Precise Determination of the Spin Structure Function $g(1)$ of the Proton, Deuteron and Neutron}",
        volume = "D75",
        year = "2007"
}

@article{Airapetian:2006ee,
        archiveprefix = "arXiv",
        author = "A. Airapetian and others",
        collaboration = "Hermes Collaboration",
        doi = "10.1103/PhysRevD.74.072004",
        eprint = "hep-ex/0607004",
        journal = "Phys.Rev.",
        pages = "072004",
        primaryclass = "hep-ex",
        reportnumber = "DESY-06-100",
        slaccitation = "%\%CITATION = HEP-EX/0607004;\%\%",
        title = "{Longitudinal Spin Transfer to the {Lambda} Hyperon in Semi-Inclusive Deep-Inelastic Scattering}",
        volume = "D74",
        year = "2006"
}

@article{Airapetian:2006zr,
        archiveprefix = "arXiv",
        author = "A. Airapetian and others",
        collaboration = "HERMES Collaboration",
        doi = "10.1103/PhysRevD.75.011103",
        eprint = "hep-ex/0605108",
        journal = "Phys.Rev.",
        pages = "011103",
        primaryclass = "hep-ex",
        reportnumber = "DESY-06-078",
        slaccitation = "%\%CITATION = HEP-EX/0605108;\%\%",
        title = "{The Beam-Charge Azimuthal Asymmetry and Deeply Virtual {Compton} Scattering}",
        volume = "D75",
        year = "2007"
}

@article{Airapetian:2005yh,
        archiveprefix = "arXiv",
        author = "A. Airapetian and others",
        collaboration = "HERMES Collaboration",
        doi = "10.1103/PhysRevLett.96.162301",
        eprint = "hep-ex/0510030",
        journal = "Phys.Rev.Lett.",
        pages = "162301",
        primaryclass = "hep-ex",
        reportnumber = "DESY-05-205",
        slaccitation = "%\%CITATION = HEP-EX/0510030;\%\%",
        title = "{Double Hadron Leptoproduction in the Nuclear Medium}",
        volume = "96",
        year = "2006"
}

@article{Airapetian:2005jc,
        archiveprefix = "arXiv",
        author = "A. Airapetian and others",
        collaboration = "HERMES Collaboration",
        doi = "10.1016/j.physletb.2005.06.067",
        eprint = "hep-ex/0505042",
        journal = "Phys.Lett.",
        pages = "14--22",
        primaryclass = "hep-ex",
        reportnumber = "DESY-05-072",
        slaccitation = "%\%CITATION = HEP-EX/0505042;\%\%",
        title = "{Subleading-Twist Effects in Single-Spin Asymmetries in Semi-Inclusive Deep-Inelastic Scattering on a Longitudinally Polarized Hydrogen Target}",
        volume = "B622",
        year = "2005"
}

@article{Airapetian:2004mi,
        archiveprefix = "arXiv",
        author = "A. Airapetian and others",
        collaboration = "HERMES Collaboration",
        doi = "10.1103/PhysRevD.71.032004",
        eprint = "hep-ex/0412027",
        journal = "Phys.Rev.",
        pages = "032004",
        primaryclass = "hep-ex",
        reportnumber = "DESY-04-239",
        slaccitation = "%\%CITATION = HEP-EX/0412027;\%\%",
        title = "{Search for an Exotic $S = -2$, $Q = -2$ Baryon Resonance at a Mass near 1862\,{MeV} in Quasi-Real Photoproduction}",
        volume = "D71",
        year = "2005"
}

@article{Airapetian:2003ri,
        archiveprefix = "arXiv",
        author = "A. Airapetian and others",
        collaboration = "HERMES Collaboration",
        doi = "10.1016/j.physletb.2004.01.079",
        eprint = "hep-ex/0312044",
        journal = "Phys.Lett.",
        pages = "213",
        primaryclass = "hep-ex",
        reportnumber = "DESY-03-213, HERMES-DC-56",
        slaccitation = "%\%CITATION = HEP-EX/0312044;\%\%",
        title = "{Evidence for a Narrow $|S| = 1$ Baryon State at a Mass of 1528\,{MeV} in Quasireal Photoproduction}",
        volume = "B585",
        year = "2004"
}

@techreport{Proposal:SoLID-PVDIS,
        author = "J.-C. Peng and others",
        title = "Precision Measurement of Parity-violation in Deep Inelastic Scattering Over a Broad Kinematic Range",
        url = "http://hallaweb.jlab.org/collab/PAC/PAC34/PR-09-012-pvdis.pdf",
        year = "2008"
}

@techreport{Proposal:Moller,
        author = "K.S. Kumar and others",
        title = "{The {MOLLER} experiment: An Ultra-precise Measurement of the Weak Mixing Angle using M{\o}ller Scattering}",
        url = "http://hallaweb.jlab.org/12GeV/Moller/pubs/moller_proposal.pdf",
        year = "2008"
}

@inproceedings{Deconinck:PAVI09,
        author = "Deconinck, W.",
        booktitle = "{Proceedings of the 4th Workshop on Parity Violation and Hadronic Structure}",
        series = "{Hyperfine Interact.}",
        title = "{Precision {Compton} Polarimetry for the $Q_{Weak}$ Experiment at {Jefferson Lab}}",
        year = "2009"
}

@inproceedings{Deconinck:DSPIN11,
        author = "Deconinck, W.",
        booktitle = "{Proceedings of the 14th Workshop on High Energy Spin Physics}",
        title = "{The $Q_{Weak}$ Experiment: A Search for New Physics at the {TeV} Scale}",
        year = "2011"
}

@misc{Ackerman:GSM12,
        author = "N. Ackerman and T. J. Atherton and W. Deconinck and M. L. Falk and S. Garmon and E. Henry and E. Long",
        title = "{Gender and Sexual Diversity Issues in Physics: The Audience Speaks}",
        eprint = "1206.4112",
        primaryclass = "physics.soc-ph"
}

